<?xml version="1.0" encoding="UTF-8"?>
<record xmlns="http://www.loc.gov/MARC21/slim" xmlns:zs="http://docs.oasis-open.org/ns/search-ws/sruResponse">
 <leader>
  04562cpcaa22005417i 4500
 </leader>
 <controlfield tag="001">
  18218096
 </controlfield>
 <controlfield tag="005">
  20230712115904.0
 </controlfield>
 <controlfield tag="008">
  140709i19602014xx                  eng
 </controlfield>
 <datafield ind1=" " ind2=" " tag="906">
  <subfield code="a">
   7
  </subfield>
  <subfield code="b">
   cbc
  </subfield>
  <subfield code="c">
   orignew
  </subfield>
  <subfield code="d">
   u
  </subfield>
  <subfield code="e">
   ncip
  </subfield>
  <subfield code="f">
   20
  </subfield>
  <subfield code="g">
   y-folklife
  </subfield>
 </datafield>
 <datafield ind1=" " ind2=" " tag="955">
  <subfield code="a">
   mkru 2014-07-09
  </subfield>
  <subfield code="a">
   mkru 2017-09-19
  </subfield>
  <subfield code="a">
   masmit 2022-07-15
  </subfield>
  <subfield code="a">
   masmit 2022-08-16
  </subfield>
  <subfield code="a">
   masmit 2022-08-30
  </subfield>
  <subfield code="a">
   masmit 2022-09-12
  </subfield>
  <subfield code="a">
   masmit 2023-06-07
  </subfield>
  <subfield code="a">
   fcundiff 2023-06-20
  </subfield>
  <subfield code="a">
   fcundiff 2023-07-12
  </subfield>
 </datafield>
 <datafield ind1=" " ind2=" " tag="010">
  <subfield code="a">
   2014655323
  </subfield>
 </datafield>
 <datafield ind1=" " ind2=" " tag="040">
  <subfield code="a">
   DLC
  </subfield>
  <subfield code="b">
   eng
  </subfield>
  <subfield code="e">
   dacs
  </subfield>
  <subfield code="c">
   DLC
  </subfield>
 </datafield>
 <datafield ind1=" " ind2=" " tag="043">
  <subfield code="a">
   n-us-ca
  </subfield>
  <subfield code="a">
   n-us-ga
  </subfield>
 </datafield>
 <datafield ind1=" " ind2=" " tag="090">
  <subfield code="a">
   AFC 2014/028
  </subfield>
 </datafield>
 <datafield ind1="1" ind2=" " tag="100">
  <subfield code="a">
   Pearcy, Susan Due,
  </subfield>
  <subfield code="e">
   creator,
  </subfield>
  <subfield code="e">
   collector,
  </subfield>
  <subfield code="e">
   donor.
  </subfield>
 </datafield>
 <datafield ind1="1" ind2="0" tag="245">
  <subfield code="a">
   Susan Due Pearcy collection,
  </subfield>
  <subfield code="f">
   circa 1960-2014.
  </subfield>
 </datafield>
 <datafield ind1=" " ind2=" " tag="300">
  <subfield code="3">
   whole collection
  </subfield>
  <subfield code="a">
   approximately 5155
  </subfield>
  <subfield code="f">
   items
  </subfield>
 </datafield>
 <datafield ind1=" " ind2=" " tag="300">
  <subfield code="3">
   whole collection
  </subfield>
  <subfield code="a">
   10
  </subfield>
  <subfield code="f">
   boxes
  </subfield>
 </datafield>
 <datafield ind1=" " ind2=" " tag="300">
  <subfield code="3">
   whole collection
  </subfield>
  <subfield code="a">
   8.5
  </subfield>
  <subfield code="f">
   linear feet
  </subfield>
 </datafield>
 <datafield ind1=" " ind2=" " tag="300">
  <subfield code="3">
   manuscripts
  </subfield>
  <subfield code="a">
   7
  </subfield>
  <subfield code="f">
   boxes
  </subfield>
 </datafield>
 <datafield ind1=" " ind2=" " tag="300">
  <subfield code="3">
   graphic materials
  </subfield>
  <subfield code="a">
   92 photographic prints :
  </subfield>
  <subfield code="b">
   black-and-white and color ;
  </subfield>
  <subfield code="c">
   various sizes
  </subfield>
 </datafield>
 <datafield ind1=" " ind2=" " tag="300">
  <subfield code="3">
   graphic materials
  </subfield>
  <subfield code="a">
   1 negative :
  </subfield>
  <subfield code="b">
   black-and-white ;
  </subfield>
  <subfield code="c">
   35 mm
  </subfield>
 </datafield>
 <datafield ind1=" " ind2=" " tag="300">
  <subfield code="3">
   graphic materials
  </subfield>
  <subfield code="a">
   approximately 43 negatives (in 22 strips) :
  </subfield>
  <subfield code="b">
   color ;
  </subfield>
  <subfield code="c">
   35 mm
  </subfield>
 </datafield>
 <datafield ind1=" " ind2=" " tag="300">
  <subfield code="3">
   graphic materials
  </subfield>
  <subfield code="a">
   approximately 22 negatives (in 22 strips) :
  </subfield>
  <subfield code="b">
   color ;
  </subfield>
  <subfield code="c">
   120 format
  </subfield>
 </datafield>
 <datafield ind1=" " ind2=" " tag="300">
  <subfield code="3">
   graphic materials
  </subfield>
  <subfield code="a">
   7 transparencies :
  </subfield>
  <subfield code="b">
   film, color ;
  </subfield>
  <subfield code="c">
   35 mm
  </subfield>
 </datafield>
 <datafield ind1=" " ind2=" " tag="300">
  <subfield code="3">
   graphic materials
  </subfield>
  <subfield code="a">
   approximately 155 posters and drawings :
  </subfield>
  <subfield code="b">
   linocuts, woodcuts, oil drawings, water drawings, sketches ;
  </subfield>
  <subfield code="c">
   various sizes
  </subfield>
 </datafield>
 <datafield ind1=" " ind2=" " tag="300">
  <subfield code="3">
   moving images
  </subfield>
  <subfield code="a">
   1 optical disc (DVD-R, 11 video files) :
  </subfield>
  <subfield code="b">
   optical, sound, color ;
  </subfield>
  <subfield code="c">
   4 3/4 in.
  </subfield>
 </datafield>
 <datafield ind1=" " ind2=" " tag="300">
  <subfield code="3">
   artifacts
  </subfield>
  <subfield code="a">
   19
  </subfield>
  <subfield code="f">
   pins, buttons, ribbon
  </subfield>
 </datafield>
 <datafield ind1=" " ind2=" " tag="520">
  <subfield code="a">
   Collection of original visual art, manuscripts, ephemera such as posters and newsletters, photographs and artifacts such as political buttons, which documents the United Farm Workers labor movement in California during the 1970s and the Civil Rights movement in southwest Georgia during the 1960s.
  </subfield>
 </datafield>
 <datafield ind1="8" ind2=" " tag="524">
  <subfield code="a">
   Susan Due Pearcy collection (AFC 2014/028), American Folklife Center, Library of Congress, Washington, D.C.
  </subfield>
 </datafield>
 <datafield ind1="0" ind2=" " tag="506">
  <subfield code="a">
   Collection is open for research. To request materials, please contact the Folklife Reading Room at
  </subfield>
  <subfield code="u">
   https://hdl.loc.gov/loc.afc/folklife.contact
  </subfield>
 </datafield>
 <datafield ind1=" " ind2=" " tag="540">
  <subfield code="a">
   Duplication of collection materials may be governed by copyright and other restrictions.
  </subfield>
 </datafield>
 <datafield ind1=" " ind2=" " tag="541">
  <subfield code="a">
   Susan Due Pearcy;
  </subfield>
  <subfield code="d">
   2014.
  </subfield>
 </datafield>
 <datafield ind1=" " ind2=" " tag="545">
  <subfield code="a">
   Susan Due Pearcy is an artist and the owner of Sugarloaf Studio in Barnesville, Maryland. Born May 6, 1945, in St. Louis, Missouri, Susan studied art education at Southeast Missouri State University before earning a Bachelor of Science in painting, graphics and sculpture from New York University. She has worked at the Graphics Workshop and the Printmaker's Workshop in Maryland and her art has been displayed over 200 times both regionally and internationally including Russia, France and Argentina. She has been the recipient of many awards and recognitions. In 2009, she was selected as one of Maryland's Top 100 Women and is the Signature member of the Maryland Pastel Society.
  </subfield>
  <subfield code="b">
   In 1967, acting upon an invitation by Rev. Charles Sherrod, Susan, and her late husband Glen Pearcy, traveled to Georgia where they worked on the Southwest Georgia Project Newsletter. Glen wrote occasionally for the newsletter while Susan provided photos and sketches for the paper. In 1972, Richard Cook, a volunteer from the United Farm Workers (UFW) Union, beckoned to the couple to come to California. Susan and Glen moved from Georgia to work with the United Farm Workers at the central headquarters in La Paz, California, where Susan became the staff graphic artist for El Macriado. She designed woodblocks and linocut prints and created drawings for use on buttons, bumper strips, and in the newspaper. Susan also created the eagle that was used in the UFW's flag.
  </subfield>
 </datafield>
 <datafield ind1=" " ind2=" " tag="546">
  <subfield code="a">
   In English.
  </subfield>
 </datafield>
 <datafield ind1="0" ind2=" " tag="555">
  <subfield code="a">
   Finding aid is available online
  </subfield>
  <subfield code="u">
   https://hdl.loc.gov/loc.afc/eadafc.af023002
  </subfield>
 </datafield>
 <datafield ind1="2" ind2="0" tag="610">
  <subfield code="a">
   Southwest Georgia Project.
  </subfield>
 </datafield>
 <datafield ind1="2" ind2="0" tag="610">
  <subfield code="a">
   United Farm Workers.
  </subfield>
 </datafield>
 <datafield ind1=" " ind2="0" tag="650">
  <subfield code="a">
   Labor movement
  </subfield>
  <subfield code="z">
   California.
  </subfield>
 </datafield>
 <datafield ind1=" " ind2="0" tag="650">
  <subfield code="a">
   Civil rights movements
  </subfield>
  <subfield code="z">
   Georgia.
  </subfield>
 </datafield>
 <datafield ind1=" " ind2="0" tag="650">
  <subfield code="a">
   Protest movements
  </subfield>
  <subfield code="z">
   United States
  </subfield>
  <subfield code="v">
   Pictorial works.
  </subfield>
 </datafield>
 <datafield ind1=" " ind2="7" tag="655">
  <subfield code="a">
   Documentary photography.
  </subfield>
  <subfield code="2">
   aat
  </subfield>
 </datafield>
 <datafield ind1=" " ind2="7" tag="655">
  <subfield code="a">
   Photographs.
  </subfield>
  <subfield code="2">
   aat
  </subfield>
 </datafield>
 <datafield ind1=" " ind2="7" tag="655">
  <subfield code="a">
   Manuscripts.
  </subfield>
  <subfield code="2">
   aat
  </subfield>
 </datafield>
 <datafield ind1=" " ind2=" " tag="852">
  <subfield code="a">
   Library of Congress
  </subfield>
  <subfield code="b">
   American Folklife Center,
  </subfield>
  <subfield code="e">
   101 Independence Ave. S.E., Washington, DC USA 20540-4610
  </subfield>
  <subfield code="u">
   https://hdl.loc.gov/loc.afc/folklife.home
  </subfield>
 </datafield>
 <datafield ind1="4" ind2="2" tag="856">
  <subfield code="3">
   Finding aid
  </subfield>
  <subfield code="u">
   https://hdl.loc.gov/loc.afc/eadafc.af023002
  </subfield>
 </datafield>
 <datafield ind1=" " ind2=" " tag="985">
  <subfield code="a">
   afc/coll
  </subfield>
 </datafield>
 <datafield ind1=" " ind2=" " tag="985">
  <subfield code="a">
   afc/ead
  </subfield>
 </datafield>
</record>
